2084 3709
721 210 1066 262 LIBER
1134 213 1281 266 XLI-0
1662 233 1764 282 ¹¹9}

265 294 368 344 stro
392 293 630 346 cecidisse.
700 300 895 349 Bovern
923 300 975 349 in
1010 303 1284 368 Campania
1316 302 1560 357 locutum.
1630 311 1766 358 Vae·

272 387 384 420 cam
407 388 588 423 aeneam
613 375 863 441 Syracusis
885 376 950 426 ab
973 377 1148 444 agresti
1173 388 1336 444 tauro,
1368 381 1453 448 qui
1479 397 1657 449 pecore
1672 384 1764 435 ab-

274 449 482 512 errasset,
512 453 705 517 initam,
737 470 797 504 ac
819 449 1004 506 semine
1025 453 1289 523 aspersam.
1359 462 1421 510 ln
1449 461 1769 516 Crustumino

270 525 403 582 diem
426 544 603 579 unum
617 532 671 581 in
700 529 809 599 ipso
830 531 945 581 loco
976 530 1276 598 supplicatio
1299 533 1428 585 fuit·
1466 536 1552 587 82
1541 551 1591 586 tn
1620 542 1769 589 Cam-

268 606 422 672 pania
445 607 539 657 bos
570 608 743 659 alenda
766 610 961 677 publice
986 608 1134 660 data:
1172 612 1633 681 Syracusanumque
1655 631 1774 684 pro·

267 683 464 747 digium
492 686 769 752 expiatum,
804 686 951 737 editis
984 685 1049 736 ab
1083 686 1393 755 aruspicibus
1427 692 1554 755 Diis,
1590 691 1774 759 quibus

268 760 651 828 supplicaretur.
685 764 924 818 Pontifex
945 780 1008 816 eo
1035 780 1171 816 anno
1193 776 1422 819 mortuus
1437 769 1503 819 eii
1521 773 1599 820 M.
1621 770 1773 822 Clau·

267 837 380 892 dius
404 841 688 904 Marcellus,
723 841 807 907 qui
841 839 1013 892 consul
1049 840 1322 908 censorque
1352 843 1537 900 suerat.
1573 846 1626 900 in
1662 847 1772 913 ejus

269 914 441 965 locum
474 915 702 970 suffectus
737 916 803 967 est
838 916 1073 986 pontifex
1095 916 1228 969 filius
1251 918 1357 983 ejus
1380 923 1459 972 Μ.
1488 924 1773 978 Marcellus·

273 993 327 1045 ἃ
348 993 546 1045 Lunam
567 995 768 1048 colonia
790 996 969 1048 eodem
989 1012 1124 1048 anno
1147 997 1252 1049 duo
1276 997 1433 1050 millia
1455 999 1646 1050 civium
1665 1004 1770 1054 Ro-

271 1087 537 1123 manorum
577 1073 689 1125 sunt
726 1074 950 1126 dedusta.
1019 1076 1308 1127 Triumviri
1341 1075 1675 1144 deduxerunt,
1709 1081 1768 1132 Ρ.
1851 1125 1862 1136 ,

270 1150 448 1214 AElius‚
494 1154 558 1202 L.
582 1153 788 1217 Egilius‚
836 1156 931 1204 Cn.
964 1150 1190 1204 Sicinius.
1227 1155 1578 1223 quinquagena
1597 1157 1649 1208 ἃ
1671 1158 1768 1210 fin·

273 1228 394 1292 gula
412 1230 589 1294 jugera
624 1231 674 1282 ἃ
707 1229 917 1283 semisses
948 1230 1059 1295 agri
1093 1232 1146 1281 in
1169 1229 1383 1295 singulos
1413 1231 1517 1286 dati
1547 1235 1679 1290 sunt.
1708 1235 1775 1289 de

266 1307 469 1369 »Ligure
491 1318 663 1375 eaptus
697 1309 738 1359 is
773 1322 890 1372 ager
925 1318 1052 1357 erat.
1120 1307 1440 1358 Etruscorum
1465 1314 1594 1375 ante,
1626 1318 1776 1379 quintu

276 1385 542 1450 Ligurum,
574 1386 754 1438 suerat.
824 1389 884 1436 C.
916 1385 1155 1436 Claudius
1191 1384 1363 1437 consul
1391 1386 1454 1438 ad
1490 1387 1663 1437 urbem
1687 1404 1778 1438 ve·

273 1464 388 1514 nit:
423 1464 521 1528 cui,
555 1480 711 1530 quum
750 1465 802 1516 in
838 1458 1006 1516 sen'atu
1043 1463 1105 1513 de
1141 1462 1289 1514 rebus
1326 1464 1379 1514 in
1417 1463 1557 1514 lssria
1579 1465 1756 1529 Liguri
1769 1492 1794 1534 -ζ

275 1539 470 1607 busque
506 1541 736 1609 prospere
774 1542 915 1606 gestis
954 1539 1255 1605 disieruiss‘et,
1291 1540 1555 1607 postulanti
1593 1543 1781 1593 trium-

278 1620 408 1687 pbus
443 1620 508 1670 est
543 1619 785 1670 decretus·
820 1620 1154 1688 triumphavit
1188 1620 1239 1672 in
1261 1620 1548 1685 magistratu
1572 1620 1634 1672 de
1654 1621 1780 1673 dna-

210 1721 213 1730 ·
280 1698 377 1748 bus
398 1696 539 1748 simul
562 1695 810 1762 gentibus.
879 1699 1025 1748 Tulit
1059 1699 1110 1749 in
1134 1712 1196 1748 eo
1232 1698 1490 1765 triumpho
1514 1699 1777 1752 denarium

283 1785 507 1824 trecenta
539 1776 723 1843 septem
745 1776 915 1838 millia,
932 1775 983 1826 St
1004 1773 1326 1826 vifloriatfim
1350 1774 1606 1841 oaoginta
1630 1779 1780 1845 quin·

282 1866 384 1919 que
404 1853 561 1902 millia
583 1852 920 1919 septingentos
935 1852 1080 1902 duos.
1106 1852 1345 1902 militibus
1363 1852 1415 1901 in
1439 1851 1651 1916 singulos
1669 1856 1781 1920 qui·

282 1929 337 1978 ni
358 1927 473 1978 deni
497 1927 686 1980 denarii
708 1929 838 1981 dati:
875 1928 1065 1998 duplex
1087 1929 1389 1990 centurioni,
1407 1929 1590 1993 triplex
1609 1930 1784 1994 equiti.

282 2008 442 2058 Sociis
475 2007 686 2058 dimidio
717 2010 895 2078 minus,
933 2013 1085 2074 qussam
1125 2006 1342 2068 civibus,
1375 2004 1567 2056 datum.
1618 2007 1788 2074 itaque

283 2086 446 2148 taciti,
482 2097 539 2135 ut
566 2088 720 2136 iratos
743 2085 836 2136 effe
858 2086 1074 2146 sentires,
1110 2083 1264 2135 secuti
1287 2081 1400 2133 sunt
1423 2098 1642 2135 currum.

354 2165 508 2213 XIV.
542 2166 678 2214 Dum
697 2165 737 2212 is
761 2153 1040 2231 triumphus
1064 2162 1126 2212 de
1143 2161 1412 2227 Liguribus
1428 2162 1682 2226 agebatur,
1696 2162 1786 2213 Li·

287 2243 452 2307 gufeS,
502 2241 758 2306 postquam
797 2240 1067 2302 senserunt,
1101 2255 1202 2290 non
1244 2238 1552 2292 consularem
1591 2246 1787 2292 tantum

288 2318 571 2369 exercitum
610 2323 824 2372 Romam
861 2319 1147 2382 abduflum,
1180 2316 1259 2369 sed
1299 2319 1547 2381 legionem
1588 2319 1652 2368 ab
1693 2320 1785 2369 Ti.

180 2427 189 2433 -
294 2396 509 2445 Claudio
532 2394 648 2445 Pifis
667 2394 926 2460 dimissam,
953 2384 1103 2446 soluti
1126 2405 1281 2456 metu,
1315 2394 1440 2449 clam
1463 2394 1786 2446 exercituin-

291 2475 445 2535 dicto,
479 2488 568 2539 per
600 2470 902 2523 transversos
933 2474 1117 2522 limites
1151 2471 1390 2537 superatis
1429 2465 1706 2536 montibus,¹
1731 2473 1788 2523 in

290 2567 497 2618 campos
518 2549 738 2614 degam,
771 2566 944 2614 agrum
971 2550 1307 2601 Mutinensem
1336 2550 1578 2617 populati,
1611 2564 1788 2617 repen·

292 2629 403 2684 tino
440 2631 634 2694 impetu
668 2629 918 2678 coloniam
956 2627 1110 2697 ipsam
1145 2638 1399 2696 ceperunt.
1468 2627 1528 2678 Id
1562 2628 1650 2678 ubi
1684 2631 1790 2677 Ro·

292 2724 429 2760 mam
465 2709 670 2756 allatum
692 2707 776 2771 est,
811 2706 1013 2758 senatus·
1043 2712 1104 2757 C.
1145 2699 1405 2756 Claudium
1430 2706 1680 2756 consulem
1704 2720 1792 2755 co·
1826 2732 1834 2739 ·

295 2788 439 2836 mitia
467 2786 628 2851 primo
664 2795 1111 2851 quoquetempore
1136 2784 1314 2836 habere
1337 2783 1487 2847 juffit,
1521 2782 1794 2848 creatisque

299 2865 352 2912 in
375 2879 559 2913 annum
595 2863 959 2944 magistratibus
992 2865 1043 2913 in
1075 2863 1388 2931 provinciam
1410 2860 1587 2922 redire,
1622 2860 1672 2910 &
1695 2876 1794 2910 co·-

299 2940 489 2989 loniam
510 2953 575 2989 ex
600 2913 820 2990 hostibus
850 2941 1059 3006 eripere.
1131 2942 1331 3001 Ita,ut1
1361 2934 1550 2985 censuit
1580 2933 1795 2999 senatus,

300 3017 505 3070 comitia
538 3015 733 3082 hahita,
805 3015 1041 3068 Consules
1063 3015 1235 3080 creati,
1272 3018 1365 3066 Cn.
1394 3010 1653 3066 Cornelius
1681 3010 1796 3058 sci*-

1703 3087 1795 3152 pio
