<?xml version="1.0" encoding="UTF-8"?>
<!DOCTYPE html PUBLIC "-//W3C//DTD XHTML 1.0 Transitional//EN"
    "http://www.w3.org/TR/xhtml1/DTD/xhtml1-transitional.dtd">
<html xmlns="http://www.w3.org/1999/xhtml" xml:lang="en" lang="en">
 <head>
  <title>
</title>
<meta http-equiv="Content-Type" content="text/html;charset=utf-8" />
  <meta name='ocr-system' content='tesseract 3.04.00' />
  <meta name='ocr-capabilities' content='ocr_page ocr_carea ocr_par ocr_line ocrx_word'/>
</head>
<body>
  <div class='ocr_page' id='page_1' title='image "./historiarumabur02livygoog_0443.png"; bbox 0 0 2084 3709; ppageno 0'>
   <div class='ocr_carea' id='block_1_1' title="bbox 700 257 1727 328">
    <p class='ocr_par' dir='ltr' id='par_1_1' title="bbox 700 257 1727 328">
     <span class='ocr_line' id='line_1_1' title="bbox 700 257 1727 328; baseline 0.006 -18"><span class='ocrx_word' id='word_1_1' title='bbox 700 257 1230 311; x_wconf 84' lang='lat' dir='ltr'><strong>EPITOME.</strong></span> <span class='ocrx_word' id='word_1_2' title='bbox 1622 276 1727 328; x_wconf 82' lang='lat'>407</span> 
     </span>
    </p>
   </div>
   <div class='ocr_carea' id='block_1_2' title="bbox 244 348 1734 495">
    <p class='ocr_par' dir='ltr' id='par_1_2' title="bbox 244 348 1734 495">
     <span class='ocr_line' id='line_1_2' title="bbox 244 348 1734 418; baseline 0.003 -16"><span class='ocrx_word' id='word_1_3' title='bbox 244 365 472 417; x_wconf 81' lang='lat' dir='ltr'>magnus,</span> <span class='ocrx_word' id='word_1_4' title='bbox 503 348 552 401; x_wconf 69' lang='grc' dir='ltr'><strong><em>ἃ</em></strong></span> <span class='ocrx_word' id='word_1_5' title='bbox 577 364 661 418; x_wconf 87' lang='lat' dir='ltr'>per</span> <span class='ocrx_word' id='word_1_6' title='bbox 684 350 1060 417; x_wconf 84' lang='lat' dir='ltr'>quatuordecim</span> <span class='ocrx_word' id='word_1_7' title='bbox 1086 364 1258 410; x_wconf 85' lang='lat' dir='ltr'>annos,</span> <span class='ocrx_word' id='word_1_8' title='bbox 1290 349 1466 415; x_wconf 81' lang='lat' dir='ltr'>quibus</span> <span class='ocrx_word' id='word_1_9' title='bbox 1493 356 1734 406; x_wconf 87' lang='lat' dir='ltr'>cum·Ro-</span> 
     </span>
     <span class='ocr_line' id='line_1_3' title="bbox 246 421 1393 495; baseline -0.003 -16"><span class='ocrx_word' id='word_1_10' title='bbox 246 432 407 480; x_wconf 84' lang='lat' dir='ltr'>manis</span> <span class='ocrx_word' id='word_1_11' title='bbox 427 428 605 481; x_wconf 87' lang='lat' dir='ltr'>bellum</span> <span class='ocrx_word' id='word_1_12' title='bbox 631 421 785 493; x_wconf 53' lang='lat' dir='ltr'>gestit}</span> <span class='ocrx_word' id='word_1_13' title='bbox 818 425 1130 493; x_wconf 73' lang='lat' dir='ltr'>frequentius</span> <span class='ocrx_word' id='word_1_14' title='bbox 1153 424 1393 495; x_wconf 83' lang='lat' dir='ltr'>superior.</span> 
     </span>
    </p>
   </div>
   <div class='ocr_carea' id='block_1_3' title="bbox 1628 527 1660 539">
    <p class='ocr_par' dir='ltr' id='par_1_3' title="bbox 1628 527 1660 539">
     <span class='ocr_line' id='line_1_4' title="bbox 1628 527 1660 539; baseline 0 0"><span class='ocrx_word' id='word_1_15' title='bbox 1628 527 1660 539; x_wconf 56' lang='grc' dir='ltr'>-Ο</span> 
     </span>
    </p>
   </div>
   <div class='ocr_carea' id='block_1_4' title="bbox 731 536 1237 620">
    <p class='ocr_par' dir='ltr' id='par_1_4' title="bbox 731 536 1237 620">
     <span class='ocr_line' id='line_1_5' title="bbox 731 536 1237 620; baseline -0.004 0"><span class='ocrx_word' id='word_1_16' title='bbox 731 571 777 620; x_wconf 79' lang='lat'>1.</span> <span class='ocrx_word' id='word_1_17' title='bbox 813 573 838 619; x_wconf 93' lang='lat'>1</span> <span class='ocrx_word' id='word_1_18' title='bbox 872 572 911 618; x_wconf 82' lang='lat' dir='ltr'>B</span> <span class='ocrx_word' id='word_1_19' title='bbox 946 536 1054 619; x_wconf 55' lang='lat' dir='ltr'>R&#39;r</span> <span class='ocrx_word' id='word_1_20' title='bbox 1122 571 1237 618; x_wconf 72' lang='grc' dir='ltr'>ιν.</span> 
     </span>
    </p>
   </div>
   <div class='ocr_carea' id='block_1_5' title="bbox 247 655 1760 2039">
    <p class='ocr_par' dir='ltr' id='par_1_5' title="bbox 247 655 1746 766">
     <span class='ocr_line' id='line_1_6' title="bbox 247 655 1746 766; baseline -0.001 -55"><span class='ocrx_word' id='word_1_21' title='bbox 247 671 319 766; x_wconf 81' lang='lat' dir='ltr'>P</span> <span class='ocrx_word' id='word_1_22' title='bbox 380 661 619 726; x_wconf 67' lang='lat' dir='ltr'>Cornelio</span> <span class='ocrx_word' id='word_1_23' title='bbox 642 660 833 724; x_wconf 65' lang='lat' dir='ltr'>Nalica,</span> <span class='ocrx_word' id='word_1_24' title='bbox 872 661 953 710; x_wconf 85' lang='lat' dir='ltr'>cui</span> <span class='ocrx_word' id='word_1_25' title='bbox 977 674 1255 724; x_wconf 81' lang='lat' dir='ltr'>cognomen</span> <span class='ocrx_word' id='word_1_26' title='bbox 1291 658 1531 726; x_wconf 81' lang='lat' dir='ltr'>Serapion</span> <span class='ocrx_word' id='word_1_27' title='bbox 1563 656 1660 708; x_wconf 84' lang='lat' dir='ltr'>suit</span> <span class='ocrx_word' id='word_1_28' title='bbox 1680 655 1746 710; x_wconf 80' lang='lat' dir='ltr'>ab</span> 
     </span>
    </p>

    <p class='ocr_par' dir='ltr' id='par_1_6' title="bbox 252 736 1760 2039">
     <span class='ocr_line' id='line_1_7' title="bbox 333 736 1746 803; baseline 0.001 -16"><span class='ocrx_word' id='word_1_29' title='bbox 333 744 349 763; x_wconf 87' lang='lat'><strong>·</strong></span> <span class='ocrx_word' id='word_1_30' title='bbox 393 739 631 787; x_wconf 86' lang='lat' dir='ltr'>irridente</span> <span class='ocrx_word' id='word_1_31' title='bbox 673 739 900 787; x_wconf 85' lang='lat' dir='ltr'>Curiatio</span> <span class='ocrx_word' id='word_1_32' title='bbox 935 739 1137 786; x_wconf 88' lang='lat' dir='ltr'>tribuno</span> <span class='ocrx_word' id='word_1_33' title='bbox 1173 737 1329 803; x_wconf 79' lang='lat' dir='ltr'>plebis</span> <span class='ocrx_word' id='word_1_34' title='bbox 1349 736 1658 803; x_wconf 81' lang='lat' dir='ltr'>impositum,</span> <span class='ocrx_word' id='word_1_35' title='bbox 1693 737 1746 788; x_wconf 64' lang='grc' dir='ltr'><strong><em>ἃ</em></strong></span> 
     </span>
     <span class='ocr_line' id='line_1_8' title="bbox 252 812 1746 878; baseline 0.003 -18"><span class='ocrx_word' id='word_1_36' title='bbox 252 812 320 870; x_wconf 82' lang='lat' dir='ltr'>D.</span> <span class='ocrx_word' id='word_1_37' title='bbox 362 816 516 877; x_wconf 81' lang='lat' dir='ltr'>Junio</span> <span class='ocrx_word' id='word_1_38' title='bbox 556 818 710 864; x_wconf 87' lang='lat' dir='ltr'>Bruto</span> <span class='ocrx_word' id='word_1_39' title='bbox 745 814 1028 865; x_wconf 82' lang='lat' dir='ltr'>consulibus</span> <span class='ocrx_word' id='word_1_40' title='bbox 1064 813 1306 863; x_wconf 66' lang='lat' dir='ltr'>delestum</span> <span class='ocrx_word' id='word_1_41' title='bbox 1345 813 1656 878; x_wconf 77' lang='lat' dir='ltr'>habentibus,</span> <span class='ocrx_word' id='word_1_42' title='bbox 1692 815 1746 866; x_wconf 78' lang='lat' dir='ltr'>in</span> 
     </span>
     <span class='ocr_line' id='line_1_9' title="bbox 253 888 1744 957; baseline 0.001 -20"><span class='ocrx_word' id='word_1_43' title='bbox 253 889 515 957; x_wconf 63' lang='lat' dir='ltr'>conspefiu</span> <span class='ocrx_word' id='word_1_44' title='bbox 552 893 774 941; x_wconf 87' lang='lat' dir='ltr'>tironum</span> <span class='ocrx_word' id='word_1_45' title='bbox 810 906 884 940; x_wconf 85' lang='lat' dir='ltr'>res</span> <span class='ocrx_word' id='word_1_46' title='bbox 916 890 1224 939; x_wconf 80' lang='lat' dir='ltr'>saluberrimi</span> <span class='ocrx_word' id='word_1_47' title='bbox 1247 890 1468 955; x_wconf 78' lang='lat' dir='ltr'>exempli</span> <span class='ocrx_word' id='word_1_48' title='bbox 1492 888 1617 939; x_wconf 69' lang='lat' dir='ltr'>fasta</span> <span class='ocrx_word' id='word_1_49' title='bbox 1642 891 1744 940; x_wconf 84' lang='lat' dir='ltr'>est:</span> 
     </span>
     <span class='ocr_line' id='line_1_10' title="bbox 252 965 1748 1032; baseline 0.002 -19"><span class='ocrx_word' id='word_1_50' title='bbox 252 978 368 1015; x_wconf 80' lang='lat' dir='ltr'>nam</span> <span class='ocrx_word' id='word_1_51' title='bbox 404 971 462 1016; x_wconf 91' lang='lat' dir='ltr'>C.</span> <span class='ocrx_word' id='word_1_52' title='bbox 500 968 752 1016; x_wconf 80' lang='lat' dir='ltr'>Matienus</span> <span class='ocrx_word' id='word_1_53' title='bbox 790 965 1044 1018; x_wconf 85' lang='lat' dir='ltr'>accusatus</span> <span class='ocrx_word' id='word_1_54' title='bbox 1081 965 1145 1014; x_wconf 85' lang='lat' dir='ltr'>est</span> <span class='ocrx_word' id='word_1_55' title='bbox 1169 965 1301 1031; x_wconf 84' lang='lat' dir='ltr'>apud</span> <span class='ocrx_word' id='word_1_56' title='bbox 1327 965 1554 1014; x_wconf 87' lang='lat' dir='ltr'>tribunos</span> <span class='ocrx_word' id='word_1_57' title='bbox 1576 967 1748 1032; x_wconf 68' lang='lat' dir='ltr'>plebia,</span> 
     </span>
     <span class='ocr_line' id='line_1_11' title="bbox 252 1040 1748 1110; baseline 0 -18"><span class='ocrx_word' id='word_1_58' title='bbox 252 1044 388 1107; x_wconf 83' lang='lat' dir='ltr'>quod</span> <span class='ocrx_word' id='word_1_59' title='bbox 413 1046 689 1095; x_wconf 85' lang='lat' dir='ltr'>exercitum</span> <span class='ocrx_word' id='word_1_60' title='bbox 714 1045 764 1093; x_wconf 92' lang='lat' dir='ltr'>in</span> <span class='ocrx_word' id='word_1_61' title='bbox 784 1045 1021 1110; x_wconf 83' lang='lat' dir='ltr'>Hispania</span> <span class='ocrx_word' id='word_1_62' title='bbox 1046 1041 1352 1092; x_wconf 72' lang='lat' dir='ltr'>deseruisset:</span> <span class='ocrx_word' id='word_1_63' title='bbox 1373 1040 1748 1109; x_wconf 58' lang='lat' dir='ltr'>damnatustjue,</span> 
     </span>
     <span class='ocr_line' id='line_1_12' title="bbox 252 1118 1748 1186; baseline -0.001 -16"><span class='ocrx_word' id='word_1_64' title='bbox 252 1118 346 1169; x_wconf 84' lang='lat' dir='ltr'>sub</span> <span class='ocrx_word' id='word_1_65' title='bbox 369 1121 506 1171; x_wconf 78' lang='lat' dir='ltr'>furca</span> <span class='ocrx_word' id='word_1_66' title='bbox 527 1121 616 1171; x_wconf 85' lang='lat' dir='ltr'>diu</span> <span class='ocrx_word' id='word_1_67' title='bbox 640 1124 795 1186; x_wconf 80' lang='lat' dir='ltr'>virgis</span> <span class='ocrx_word' id='word_1_68' title='bbox 817 1118 966 1173; x_wconf 79' lang='lat' dir='ltr'>caesus</span> <span class='ocrx_word' id='word_1_69' title='bbox 994 1122 1077 1184; x_wconf 86' lang='lat' dir='ltr'>est,</span> <span class='ocrx_word' id='word_1_70' title='bbox 1111 1121 1162 1170; x_wconf 66' lang='grc' dir='ltr'>ἃ</span> <span class='ocrx_word' id='word_1_71' title='bbox 1184 1120 1402 1170; x_wconf 86' lang='lat' dir='ltr'>sestertio</span> <span class='ocrx_word' id='word_1_72' title='bbox 1424 1136 1634 1172; x_wconf 86' lang='lat' dir='ltr'>nummo</span> <span class='ocrx_word' id='word_1_73' title='bbox 1657 1135 1748 1171; x_wconf 80' lang='lat' dir='ltr'>ve.</span> 
     </span>
     <span class='ocr_line' id='line_1_13' title="bbox 255 1197 1749 1265; baseline 0.003 -21"><span class='ocrx_word' id='word_1_74' title='bbox 255 1197 394 1259; x_wconf 46' lang='lat' dir='ltr'>niit.„</span> <span class='ocrx_word' id='word_1_75' title='bbox 439 1199 661 1248; x_wconf 86' lang='lat' dir='ltr'>Tribuni</span> <span class='ocrx_word' id='word_1_76' title='bbox 695 1199 866 1265; x_wconf 87' lang='lat' dir='ltr'>plebis,</span> <span class='ocrx_word' id='word_1_77' title='bbox 900 1198 1019 1265; x_wconf 86' lang='lat' dir='ltr'>quia</span> <span class='ocrx_word' id='word_1_78' title='bbox 1056 1212 1156 1246; x_wconf 89' lang='lat' dir='ltr'>non</span> <span class='ocrx_word' id='word_1_79' title='bbox 1190 1198 1531 1263; x_wconf 59' lang='lat' dir='ltr'>mpetratum</span> <span class='ocrx_word' id='word_1_80' title='bbox 1567 1207 1624 1247; x_wconf 92' lang='lat' dir='ltr'>ut</span> <span class='ocrx_word' id='word_1_81' title='bbox 1658 1197 1749 1249; x_wconf 75' lang='lat' dir='ltr'>fibi</span> 
     </span>
     <span class='ocr_line' id='line_1_14' title="bbox 257 1272 1750 1340; baseline 0.003 -18"><span class='ocrx_word' id='word_1_82' title='bbox 257 1272 429 1337; x_wconf 88' lang='lat' dir='ltr'>denos,</span> <span class='ocrx_word' id='word_1_83' title='bbox 461 1290 583 1340; x_wconf 88' lang='lat' dir='ltr'>quos</span> <span class='ocrx_word' id='word_1_84' title='bbox 606 1277 808 1337; x_wconf 82' lang='lat' dir='ltr'>vellent,</span> <span class='ocrx_word' id='word_1_85' title='bbox 842 1277 1020 1325; x_wconf 83' lang='lat' dir='ltr'>milites</span> <span class='ocrx_word' id='word_1_86' title='bbox 1055 1275 1274 1324; x_wconf 82' lang='lat' dir='ltr'>eximere</span> <span class='ocrx_word' id='word_1_87' title='bbox 1306 1275 1491 1336; x_wconf 81' lang='lat' dir='ltr'>liceret,</span> <span class='ocrx_word' id='word_1_88' title='bbox 1526 1274 1750 1327; x_wconf 69' lang='lat' dir='ltr'>consult!</span> 
     </span>
     <span class='ocr_line' id='line_1_15' title="bbox 257 1352 1750 1417; baseline 0.001 -15"><span class='ocrx_word' id='word_1_89' title='bbox 257 1352 311 1402; x_wconf 86' lang='lat' dir='ltr'>in</span> <span class='ocrx_word' id='word_1_90' title='bbox 347 1366 589 1403; x_wconf 85' lang='lat' dir='ltr'>carcerem</span> <span class='ocrx_word' id='word_1_91' title='bbox 623 1355 736 1405; x_wconf 85' lang='lat' dir='ltr'>duci</span> <span class='ocrx_word' id='word_1_92' title='bbox 768 1353 1040 1417; x_wconf 42' lang='lat' dir='ltr'>justet-,ants</span> <span class='ocrx_word' id='word_1_93' title='bbox 1094 1352 1272 1416; x_wconf 78' lang='lat' dir='ltr'>Junius</span> <span class='ocrx_word' id='word_1_94' title='bbox 1295 1354 1471 1401; x_wconf 82' lang='lat' dir='ltr'>Brutus</span> <span class='ocrx_word' id='word_1_95' title='bbox 1501 1352 1671 1402; x_wconf 77' lang='lat' dir='ltr'>consul</span> <span class='ocrx_word' id='word_1_96' title='bbox 1694 1355 1750 1404; x_wconf 85' lang='lat' dir='ltr'>in</span> 
     </span>
     <span class='ocr_line' id='line_1_16' title="bbox 254 1428 1751 1497; baseline 0.001 -15"><span class='ocrx_word' id='word_1_97' title='bbox 254 1430 497 1496; x_wconf 83' lang='lat' dir='ltr'>Hispania</span> <span class='ocrx_word' id='word_1_98' title='bbox 520 1431 595 1494; x_wconf 91' lang='lat' dir='ltr'>iis,</span> <span class='ocrx_word' id='word_1_99' title='bbox 630 1434 715 1497; x_wconf 85' lang='lat' dir='ltr'>qui</span> <span class='ocrx_word' id='word_1_100' title='bbox 739 1430 830 1479; x_wconf 86' lang='lat' dir='ltr'>sub</span> <span class='ocrx_word' id='word_1_101' title='bbox 854 1431 1090 1480; x_wconf 82' lang='lat' dir='ltr'>Viriatho</span> <span class='ocrx_word' id='word_1_102' title='bbox 1120 1428 1470 1490; x_wconf 70' lang='lat' dir='ltr'>militaveram,</span> <span class='ocrx_word' id='word_1_103' title='bbox 1514 1444 1659 1493; x_wconf 81' lang='lat' dir='ltr'>agros</span> <span class='ocrx_word' id='word_1_104' title='bbox 1698 1430 1751 1483; x_wconf 65' lang='grc' dir='ltr'>ἃ</span> 
     </span>
     <span class='ocr_line' id='line_1_17' title="bbox 258 1505 1752 1574; baseline 0.001 -19"><span class='ocrx_word' id='word_1_105' title='bbox 258 1507 501 1573; x_wconf 87' lang='lat' dir='ltr'>oppidum</span> <span class='ocrx_word' id='word_1_106' title='bbox 524 1508 672 1568; x_wconf 85' lang='lat' dir='ltr'>dedit,</span> <span class='ocrx_word' id='word_1_107' title='bbox 706 1508 842 1574; x_wconf 86' lang='lat' dir='ltr'>quod</span> <span class='ocrx_word' id='word_1_108' title='bbox 869 1506 1099 1557; x_wconf 86' lang='lat' dir='ltr'>Valentia</span> <span class='ocrx_word' id='word_1_109' title='bbox 1134 1514 1387 1560; x_wconf 72' lang='lat' dir='ltr'>vocanm</span> <span class='ocrx_word' id='word_1_110' title='bbox 1409 1505 1493 1556; x_wconf 83' lang='lat' dir='ltr'>est.</span> <span class='ocrx_word' id='word_1_111' title='bbox 1552 1509 1630 1555; x_wconf 88' lang='lat' dir='ltr'>M.</span> <span class='ocrx_word' id='word_1_112' title='bbox 1654 1508 1752 1568; x_wconf 53' lang='lat' dir='ltr'>ch</span> 
     </span>
     <span class='ocr_line' id='line_1_18' title="bbox 254 1580 1752 1649; baseline -0.001 -17"><span class='ocrx_word' id='word_1_113' title='bbox 254 1583 427 1649; x_wconf 81' lang='lat' dir='ltr'>pillius</span> <span class='ocrx_word' id='word_1_114' title='bbox 453 1589 483 1632; x_wconf 72' lang='lat' dir='ltr'>a</span> <span class='ocrx_word' id='word_1_115' title='bbox 505 1585 836 1646; x_wconf 78' lang='lat' dir='ltr'>Numantinis,</span> <span class='ocrx_word' id='word_1_116' title='bbox 872 1597 988 1633; x_wconf 89' lang='lat' dir='ltr'>cum</span> <span class='ocrx_word' id='word_1_117' title='bbox 1011 1583 1190 1648; x_wconf 87' lang='lat' dir='ltr'>quibus</span> <span class='ocrx_word' id='word_1_118' title='bbox 1212 1594 1381 1648; x_wconf 85' lang='lat' dir='ltr'>pacem</span> <span class='ocrx_word' id='word_1_119' title='bbox 1406 1580 1587 1631; x_wconf 71' lang='lat' dir='ltr'>fastam</span> <span class='ocrx_word' id='word_1_120' title='bbox 1608 1580 1752 1632; x_wconf 87' lang='lat' dir='ltr'>sena-</span> 
     </span>
     <span class='ocr_line' id='line_1_19' title="bbox 257 1658 1755 1733; baseline -0.001 -23"><span class='ocrx_word' id='word_1_121' title='bbox 257 1671 339 1712; x_wconf 82' lang='lat' dir='ltr'>tus</span> <span class='ocrx_word' id='word_1_122' title='bbox 362 1661 554 1733; x_wconf 70' lang='lat' dir='ltr'>irritam,</span> <span class='ocrx_word' id='word_1_123' title='bbox 574 1662 681 1712; x_wconf 82' lang='lat' dir='ltr'>fieri</span> <span class='ocrx_word' id='word_1_124' title='bbox 704 1661 975 1728; x_wconf 67' lang='lat' dir='ltr'>censuerat,</span> <span class='ocrx_word' id='word_1_125' title='bbox 991 1675 1108 1709; x_wconf 89' lang='lat' dir='ltr'>cum</span> <span class='ocrx_word' id='word_1_126' title='bbox 1130 1659 1355 1709; x_wconf 84' lang='lat' dir='ltr'>exercitu</span> <span class='ocrx_word' id='word_1_127' title='bbox 1373 1658 1509 1710; x_wconf 81' lang='lat' dir='ltr'>susus</span> <span class='ocrx_word' id='word_1_128' title='bbox 1529 1659 1755 1725; x_wconf 81' lang='lat' dir='ltr'>fugatus·</span> 
     </span>
     <span class='ocr_line' id='line_1_20' title="bbox 260 1735 1754 1806; baseline 0.001 -17"><span class='ocrx_word' id='word_1_129' title='bbox 260 1755 359 1806; x_wconf 88' lang='lat' dir='ltr'>que</span> <span class='ocrx_word' id='word_1_130' title='bbox 378 1741 461 1789; x_wconf 82' lang='lat' dir='ltr'>est.</span> <span class='ocrx_word' id='word_1_131' title='bbox 502 1743 560 1789; x_wconf 91' lang='lat' dir='ltr'>C.</span> <span class='ocrx_word' id='word_1_132' title='bbox 585 1741 798 1791; x_wconf 84' lang='lat' dir='ltr'>Hostilio</span> <span class='ocrx_word' id='word_1_133' title='bbox 817 1740 1061 1791; x_wconf 86' lang='lat' dir='ltr'>Mancino</span> <span class='ocrx_word' id='word_1_134' title='bbox 1079 1735 1279 1790; x_wconf 85' lang='lat' dir='ltr'>consule</span> <span class='ocrx_word' id='word_1_135' title='bbox 1303 1735 1624 1801; x_wconf 62' lang='lat' dir='ltr'>sacrificante,</span> <span class='ocrx_word' id='word_1_136' title='bbox 1642 1738 1754 1806; x_wconf 77' lang='lat' dir='ltr'>pul-</span> 
     </span>
     <span class='ocr_line' id='line_1_21' title="bbox 259 1813 1752 1881; baseline -0.004 -11"><span class='ocrx_word' id='word_1_137' title='bbox 259 1816 297 1870; x_wconf 85' lang='lat' dir='ltr'>li</span> <span class='ocrx_word' id='word_1_138' title='bbox 325 1831 391 1867; x_wconf 81' lang='lat' dir='ltr'>ex</span> <span class='ocrx_word' id='word_1_139' title='bbox 419 1832 574 1866; x_wconf 86' lang='lat' dir='ltr'>eavea</span> <span class='ocrx_word' id='word_1_140' title='bbox 595 1819 954 1868; x_wconf 76' lang='lat' dir='ltr'>evolaverunt.</span> <span class='ocrx_word' id='word_1_141' title='bbox 989 1814 1338 1867; x_wconf 87' lang='lat' dir='ltr'>conscendenti</span> <span class='ocrx_word' id='word_1_142' title='bbox 1368 1813 1544 1866; x_wconf 84' lang='lat' dir='ltr'>deinde</span> <span class='ocrx_word' id='word_1_143' title='bbox 1559 1815 1752 1881; x_wconf 77' lang='lat' dir='ltr'>navim,</span> 
     </span>
     <span class='ocr_line' id='line_1_22' title="bbox 262 1891 1756 1961; baseline -0.001 -18"><span class='ocrx_word' id='word_1_144' title='bbox 262 1902 323 1952; x_wconf 81' lang='lat' dir='ltr'>ut</span> <span class='ocrx_word' id='word_1_145' title='bbox 362 1895 415 1942; x_wconf 86' lang='lat' dir='ltr'>iu</span> <span class='ocrx_word' id='word_1_146' title='bbox 449 1891 738 1959; x_wconf 85' lang='lat' dir='ltr'>Hispaniam</span> <span class='ocrx_word' id='word_1_147' title='bbox 774 1893 1184 1961; x_wconf 82' lang='lat' dir='ltr'>proficisceretur,</span> <span class='ocrx_word' id='word_1_148' title='bbox 1219 1891 1404 1944; x_wconf 85' lang='lat' dir='ltr'>accidit</span> <span class='ocrx_word' id='word_1_149' title='bbox 1426 1906 1554 1953; x_wconf 78' lang='lat' dir='ltr'>vox,</span> <span class='ocrx_word' id='word_1_150' title='bbox 1587 1893 1756 1958; x_wconf 69' lang='lat' dir='ltr'>Mane,</span> 
     </span>
     <span class='ocr_line' id='line_1_23' title="bbox 263 1968 1760 2039; baseline -0.002 -17"><span class='ocrx_word' id='word_1_151' title='bbox 263 1971 486 2022; x_wconf 73' lang='lat' dir='ltr'>Manciae</span> <span class='ocrx_word' id='word_1_152' title='bbox 505 1988 523 2019; x_wconf 93' lang='grc'>.·</span> <span class='ocrx_word' id='word_1_153' title='bbox 559 1985 668 2036; x_wconf 82' lang='lat' dir='ltr'>quae</span> <span class='ocrx_word' id='word_1_154' title='bbox 686 1972 904 2039; x_wconf 89' lang='lat' dir='ltr'>auspicia</span> <span class='ocrx_word' id='word_1_155' title='bbox 927 1973 1080 2022; x_wconf 82' lang='lat' dir='ltr'>tristia</span> <span class='ocrx_word' id='word_1_156' title='bbox 1104 1968 1469 2034; x_wconf 80' lang='lat' dir='ltr'>fuiffe,.eventu</span> <span class='ocrx_word' id='word_1_157' title='bbox 1491 1969 1760 2036; x_wconf 73' lang='lat' dir='ltr'>probatum</span> 
     </span>
    </p>
   </div>
   <div class='ocr_carea' id='block_1_6' title="bbox 266 2047 1839 2114">
    <p class='ocr_par' dir='ltr' id='par_1_7' title="bbox 266 2047 1839 2114">
     <span class='ocr_line' id='line_1_24' title="bbox 266 2047 1839 2114; baseline 0 -16"><span class='ocrx_word' id='word_1_158' title='bbox 266 2049 356 2098; x_wconf 84' lang='lat' dir='ltr'>est.</span> <span class='ocrx_word' id='word_1_159' title='bbox 389 2047 550 2097; x_wconf 58' lang='lat' dir='ltr'>vietus</span> <span class='ocrx_word' id='word_1_160' title='bbox 571 2050 704 2099; x_wconf 86' lang='lat' dir='ltr'>enim</span> <span class='ocrx_word' id='word_1_161' title='bbox 727 2056 755 2098; x_wconf 80' lang='lat' dir='ltr'>a</span> <span class='ocrx_word' id='word_1_162' title='bbox 774 2050 1094 2100; x_wconf 78' lang='lat' dir='ltr'>Numantinis</span> <span class='ocrx_word' id='word_1_163' title='bbox 1118 2049 1167 2098; x_wconf 73' lang='lat'>8&lt;</span> <span class='ocrx_word' id='word_1_164' title='bbox 1192 2047 1353 2098; x_wconf 87' lang='lat' dir='ltr'>castris</span> <span class='ocrx_word' id='word_1_165' title='bbox 1376 2057 1574 2111; x_wconf 78' lang='lat' dir='ltr'>exutu8‚</span> <span class='ocrx_word' id='word_1_166' title='bbox 1602 2061 1760 2114; x_wconf 84' lang='lat' dir='ltr'>quum</span> <span class='ocrx_word' id='word_1_167' title='bbox 1832 2085 1839 2088; x_wconf 25' lang='grc' dir='ltr'><strong><em>Δ</em></strong></span> 
     </span>
    </p>
   </div>
   <div class='ocr_carea' id='block_1_7' title="bbox 237 2123 1835 3048">
    <p class='ocr_par' dir='ltr' id='par_1_8' title="bbox 237 2123 1835 3048">
     <span class='ocr_line' id='line_1_25' title="bbox 263 2123 1760 2194; baseline -0.001 -17"><span class='ocrx_word' id='word_1_168' title='bbox 263 2123 376 2194; x_wconf 86' lang='lat' dir='ltr'>spes</span> <span class='ocrx_word' id='word_1_169' title='bbox 396 2125 531 2175; x_wconf 89' lang='lat' dir='ltr'>nulla</span> <span class='ocrx_word' id='word_1_170' title='bbox 566 2126 793 2178; x_wconf 83' lang='lat' dir='ltr'>servandi</span> <span class='ocrx_word' id='word_1_171' title='bbox 816 2128 1063 2180; x_wconf 70' lang='lat' dir='ltr'>exercitus</span> <span class='ocrx_word' id='word_1_172' title='bbox 1085 2126 1219 2188; x_wconf 79' lang='lat' dir='ltr'>effer,</span> <span class='ocrx_word' id='word_1_173' title='bbox 1253 2137 1426 2192; x_wconf 80' lang='lat' dir='ltr'>pacem</span> <span class='ocrx_word' id='word_1_174' title='bbox 1459 2141 1573 2177; x_wconf 89' lang='lat' dir='ltr'>cum</span> <span class='ocrx_word' id='word_1_175' title='bbox 1597 2129 1665 2177; x_wconf 86' lang='lat' dir='ltr'>eis</span> <span class='ocrx_word' id='word_1_176' title='bbox 1687 2126 1760 2176; x_wconf 84' lang='lat' dir='ltr'>fe·</span> 
     </span>
     <span class='ocr_line' id='line_1_26' title="bbox 263 2202 1758 2272; baseline -0.003 -16"><span class='ocrx_word' id='word_1_177' title='bbox 263 2206 338 2256; x_wconf 84' lang='lat' dir='ltr'>eit</span> <span class='ocrx_word' id='word_1_178' title='bbox 377 2202 780 2268; x_wconf 77' lang='lat' dir='ltr'>ignominiosam,</span> <span class='ocrx_word' id='word_1_179' title='bbox 822 2220 970 2272; x_wconf 81' lang='lat' dir='ltr'>quam</span> <span class='ocrx_word' id='word_1_180' title='bbox 1007 2215 1166 2256; x_wconf 88' lang='lat' dir='ltr'>ratam</span> <span class='ocrx_word' id='word_1_181' title='bbox 1207 2202 1301 2253; x_wconf 79' lang='lat' dir='ltr'>effe</span> <span class='ocrx_word' id='word_1_182' title='bbox 1341 2203 1535 2254; x_wconf 84' lang='lat' dir='ltr'>senatus</span> <span class='ocrx_word' id='word_1_183' title='bbox 1572 2204 1758 2255; x_wconf 81' lang='lat' dir='ltr'>vetuit.</span> 
     </span>
     <span class='ocr_line' id='line_1_27' title="bbox 265 2281 1762 2345; baseline -0.001 -13"><span class='ocrx_word' id='word_1_184' title='bbox 265 2282 508 2345; x_wconf 86' lang='lat' dir='ltr'>Triginta</span> <span class='ocrx_word' id='word_1_185' title='bbox 542 2282 698 2332; x_wconf 87' lang='lat' dir='ltr'>millia</span> <span class='ocrx_word' id='word_1_186' title='bbox 731 2285 1074 2332; x_wconf 85' lang='lat' dir='ltr'>Romanorum</span> <span class='ocrx_word' id='word_1_187' title='bbox 1106 2285 1134 2330; x_wconf 69' lang='lat' dir='ltr'>a</span> <span class='ocrx_word' id='word_1_188' title='bbox 1154 2282 1580 2334; x_wconf 83' lang='lat' dir='ltr'>Numantinorum</span> <span class='ocrx_word' id='word_1_189' title='bbox 1602 2281 1762 2332; x_wconf 87' lang='lat' dir='ltr'>milli-</span> 
     </span>
     <span class='ocr_line' id='line_1_28' title="bbox 263 2358 1758 2427; baseline -0.003 -14"><span class='ocrx_word' id='word_1_190' title='bbox 263 2362 359 2413; x_wconf 88' lang='lat' dir='ltr'>bus</span> <span class='ocrx_word' id='word_1_191' title='bbox 379 2372 597 2427; x_wconf 88' lang='lat' dir='ltr'>quatuor</span> <span class='ocrx_word' id='word_1_192' title='bbox 632 2360 760 2410; x_wconf 65' lang='lat' dir='ltr'>vista</span> <span class='ocrx_word' id='word_1_193' title='bbox 783 2370 944 2409; x_wconf 90' lang='lat' dir='ltr'>erant.</span> <span class='ocrx_word' id='word_1_194' title='bbox 1013 2362 1082 2418; x_wconf 85' lang='lat' dir='ltr'>D.</span> <span class='ocrx_word' id='word_1_195' title='bbox 1115 2359 1292 2423; x_wconf 83' lang='lat' dir='ltr'>Junius</span> <span class='ocrx_word' id='word_1_196' title='bbox 1315 2358 1634 2422; x_wconf 73' lang='lat' dir='ltr'>Lusitaniam,</span> <span class='ocrx_word' id='word_1_197' title='bbox 1672 2361 1758 2409; x_wconf 84' lang='lat' dir='ltr'>tri-</span> 
     </span>
     <span class='ocr_line' id='line_1_29' title="bbox 266 2435 1760 2505; baseline 0.001 -16"><span class='ocrx_word' id='word_1_198' title='bbox 266 2441 407 2505; x_wconf 84' lang='lat' dir='ltr'>ginta</span> <span class='ocrx_word' id='word_1_199' title='bbox 428 2439 631 2489; x_wconf 89' lang='lat' dir='ltr'>urbium</span> <span class='ocrx_word' id='word_1_200' title='bbox 662 2438 1136 2505; x_wconf 76' lang='lat' dir='ltr'>expugnationibuS‚</span> <span class='ocrx_word' id='word_1_201' title='bbox 1170 2435 1322 2501; x_wconf 62' lang='lat' dir='ltr'>usque</span> <span class='ocrx_word' id='word_1_202' title='bbox 1356 2437 1417 2487; x_wconf 88' lang='lat' dir='ltr'>ad</span> <span class='ocrx_word' id='word_1_203' title='bbox 1452 2436 1684 2489; x_wconf 84' lang='lat' dir='ltr'>occasum</span> <span class='ocrx_word' id='word_1_204' title='bbox 1706 2437 1760 2490; x_wconf 71' lang='grc' dir='ltr'>δε</span> 
     </span>
     <span class='ocr_line' id='line_1_30' title="bbox 268 2512 1761 2582; baseline -0.002 -17"><span class='ocrx_word' id='word_1_205' title='bbox 268 2529 513 2566; x_wconf 85' lang='lat' dir='ltr'>oceanum</span> <span class='ocrx_word' id='word_1_206' title='bbox 549 2515 829 2582; x_wconf 87' lang='lat' dir='ltr'>perdomuit</span> <span class='ocrx_word' id='word_1_207' title='bbox 855 2531 868 2561; x_wconf 75' lang='lat' dir='ltr'><strong><em>z</em></strong></span> <span class='ocrx_word' id='word_1_208' title='bbox 901 2514 970 2575; x_wconf 70' lang='grc' dir='ltr'>ἃ,</span> <span class='ocrx_word' id='word_1_209' title='bbox 1002 2527 1159 2577; x_wconf 85' lang='lat' dir='ltr'>quum</span> <span class='ocrx_word' id='word_1_210' title='bbox 1182 2513 1409 2561; x_wconf 77' lang='lat' dir='ltr'>fluvium·</span> <span class='ocrx_word' id='word_1_211' title='bbox 1436 2512 1761 2566; x_wconf 67' lang='lat' dir='ltr'>Oblivionem</span> 
     </span>
     <span class='ocr_line' id='line_1_31' title="bbox 269 2587 1764 2657; baseline -0.001 -17"><span class='ocrx_word' id='word_1_212' title='bbox 269 2592 470 2642; x_wconf 69' lang='lat' dir='ltr'>transire</span> <span class='ocrx_word' id='word_1_213' title='bbox 500 2594 691 2643; x_wconf 85' lang='lat' dir='ltr'>nollent</span> <span class='ocrx_word' id='word_1_214' title='bbox 713 2591 907 2654; x_wconf 84' lang='lat' dir='ltr'>milites,</span> <span class='ocrx_word' id='word_1_215' title='bbox 942 2601 1169 2656; x_wconf 85' lang='lat' dir='ltr'>ereptum</span> <span class='ocrx_word' id='word_1_216' title='bbox 1189 2589 1421 2653; x_wconf 76' lang='lat' dir='ltr'>signifero</span> <span class='ocrx_word' id='word_1_217' title='bbox 1442 2590 1630 2655; x_wconf 70' lang='lat' dir='ltr'>signum</span> <span class='ocrx_word' id='word_1_218' title='bbox 1654 2587 1764 2657; x_wconf 84' lang='lat' dir='ltr'>ipse</span> 
     </span>
     <span class='ocr_line' id='line_1_32' title="bbox 273 2667 1764 2734; baseline -0.003 -14"><span class='ocrx_word' id='word_1_219' title='bbox 273 2669 532 2729; x_wconf 77' lang='lat' dir='ltr'>transtulit,</span> <span class='ocrx_word' id='word_1_220' title='bbox 566 2670 616 2720; x_wconf 85' lang='lat'>&amp;</span> <span class='ocrx_word' id='word_1_221' title='bbox 656 2668 737 2730; x_wconf 77' lang='lat' dir='ltr'>sic,</span> <span class='ocrx_word' id='word_1_222' title='bbox 772 2680 828 2718; x_wconf 88' lang='lat' dir='ltr'>ut</span> <span class='ocrx_word' id='word_1_223' title='bbox 869 2667 1333 2732; x_wconf 77' lang='lat' dir='ltr'>transgrederentur,</span> <span class='ocrx_word' id='word_1_224' title='bbox 1371 2667 1620 2734; x_wconf 75' lang='lat' dir='ltr'>persuasit.</span> <span class='ocrx_word' id='word_1_225' title='bbox 1690 2670 1764 2715; x_wconf 78' lang='lat' dir='ltr'>A·</span> 
     </span>
     <span class='ocr_line' id='line_1_33' title="bbox 237 2743 1765 2812; baseline -0.002 -17"><span class='ocrx_word' id='word_1_226' title='bbox 237 2743 498 2795; x_wconf 76' lang='lat' dir='ltr'>*lexandri</span> <span class='ocrx_word' id='word_1_227' title='bbox 521 2746 665 2808; x_wconf 81' lang='lat' dir='ltr'>filius,</span> <span class='ocrx_word' id='word_1_228' title='bbox 701 2760 793 2795; x_wconf 85' lang='lat' dir='ltr'>rex</span> <span class='ocrx_word' id='word_1_229' title='bbox 816 2746 987 2812; x_wconf 83' lang='lat' dir='ltr'>Syriae,</span> <span class='ocrx_word' id='word_1_230' title='bbox 1019 2745 1191 2795; x_wconf 87' lang='lat' dir='ltr'>decem</span> <span class='ocrx_word' id='word_1_231' title='bbox 1212 2759 1369 2795; x_wconf 84' lang='lat' dir='ltr'>annos</span> <span class='ocrx_word' id='word_1_232' title='bbox 1391 2743 1658 2794; x_wconf 82' lang='lat' dir='ltr'>admodum</span> <span class='ocrx_word' id='word_1_233' title='bbox 1676 2743 1765 2792; x_wconf 79' lang='lat' dir='ltr'>ha-</span> 
     </span>
     <span class='ocr_line' id='line_1_34' title="bbox 274 2822 1767 2891; baseline -0.003 -17"><span class='ocrx_word' id='word_1_234' title='bbox 274 2822 415 2886; x_wconf 84' lang='lat' dir='ltr'>bens,</span> <span class='ocrx_word' id='word_1_235' title='bbox 447 2828 476 2873; x_wconf 76' lang='lat' dir='ltr'>a</span> <span class='ocrx_word' id='word_1_236' title='bbox 510 2824 755 2889; x_wconf 89' lang='lat' dir='ltr'>Diodoto,</span> <span class='ocrx_word' id='word_1_237' title='bbox 792 2825 878 2890; x_wconf 89' lang='lat' dir='ltr'>qui</span> <span class='ocrx_word' id='word_1_238' title='bbox 912 2825 1166 2891; x_wconf 87' lang='lat' dir='ltr'>Tryphon</span> <span class='ocrx_word' id='word_1_239' title='bbox 1190 2822 1651 2887; x_wconf 70' lang='lat' dir='ltr'>cognominabatur,</span> <span class='ocrx_word' id='word_1_240' title='bbox 1680 2827 1767 2871; x_wconf 87' lang='lat' dir='ltr'>&#39;tu-</span> 
     </span>
     <span class='ocr_line' id='line_1_35' title="bbox 275 2899 1835 2970; baseline -0.003 -16"><span class='ocrx_word' id='word_1_241' title='bbox 275 2911 390 2954; x_wconf 87' lang='lat' dir='ltr'>tore</span> <span class='ocrx_word' id='word_1_242' title='bbox 413 2899 523 2961; x_wconf 88' lang='lat' dir='ltr'>suo,·</span> <span class='ocrx_word' id='word_1_243' title='bbox 552 2918 638 2970; x_wconf 87' lang='lat' dir='ltr'>per</span> <span class='ocrx_word' id='word_1_244' title='bbox 660 2901 884 2952; x_wconf 87' lang='lat' dir='ltr'>fraudem</span> <span class='ocrx_word' id='word_1_245' title='bbox 919 2902 1110 2952; x_wconf 85' lang='lat' dir='ltr'>occisus</span> <span class='ocrx_word' id='word_1_246' title='bbox 1132 2902 1230 2962; x_wconf 65' lang='lat' dir='ltr'>est,;</span> <span class='ocrx_word' id='word_1_247' title='bbox 1267 2900 1512 2966; x_wconf 84' lang='lat' dir='ltr'>corruptis</span> <span class='ocrx_word' id='word_1_248' title='bbox 1545 2899 1767 2963; x_wconf 65' lang='lat' dir='ltr'>medicis,</span> <span class='ocrx_word' id='word_1_249' title='bbox 1787 2913 1835 2960; x_wconf 74' lang='lat' dir='ltr'>ss</span> 
     </span>
     <span class='ocr_line' id='line_1_36' title="bbox 273 2978 1767 3048; baseline 0 -20"><span class='ocrx_word' id='word_1_250' title='bbox 273 2980 383 3047; x_wconf 84' lang='lat' dir='ltr'>qui,</span> <span class='ocrx_word' id='word_1_251' title='bbox 418 2993 533 3028; x_wconf 85' lang='lat' dir='ltr'>eum</span> <span class='ocrx_word' id='word_1_252' title='bbox 562 2981 734 3030; x_wconf 85' lang='lat' dir='ltr'>calculi</span> <span class='ocrx_word' id='word_1_253' title='bbox 764 2979 935 3031; x_wconf 83' lang='lat' dir='ltr'>dolore</span> <span class='ocrx_word' id='word_1_254' title='bbox 958 2980 1187 3033; x_wconf 71' lang='lat' dir='ltr'>confirmi</span> <span class='ocrx_word' id='word_1_255' title='bbox 1211 2979 1273 3031; x_wconf 85' lang='lat' dir='ltr'>ad</span> <span class='ocrx_word' id='word_1_256' title='bbox 1292 2978 1530 3048; x_wconf 83' lang='lat' dir='ltr'>populum</span> <span class='ocrx_word' id='word_1_257' title='bbox 1553 2978 1767 3043; x_wconf 84' lang='lat' dir='ltr'>mentiti,</span> 
     </span>
    </p>
   </div>
   <div class='ocr_carea' id='block_1_8' title="bbox 271 3056 1765 3182">
    <p class='ocr_par' dir='ltr' id='par_1_9' title="bbox 271 3056 1765 3182">
     <span class='ocr_line' id='line_1_37' title="bbox 271 3056 1641 3123; baseline -0.004 -11"><span class='ocrx_word' id='word_1_258' title='bbox 271 3057 401 3114; x_wconf 78' lang='lat' dir='ltr'>dum</span> <span class='ocrx_word' id='word_1_259' title='bbox 421 3057 606 3123; x_wconf 80' lang='lat' dir='ltr'>secant,</span> <span class='ocrx_word' id='word_1_260' title='bbox 640 3056 948 3112; x_wconf 72' lang='lat' dir='ltr'>occiderunt.</span> <span class='ocrx_word' id='word_1_261' title='bbox 1005 3099 1014 3104; x_wconf 78' lang='lat'>-</span> <span class='ocrx_word' id='word_1_262' title='bbox 1432 3079 1461 3102; x_wconf 64' lang='lat'>¹.</span> <span class='ocrx_word' id='word_1_263' title='bbox 1630 3071 1641 3094; x_wconf 59' lang='grc' dir='ltr'>τ</span> 
     </span>
     <span class='ocr_line' id='line_1_38' title="bbox 501 3119 1765 3182; baseline -0.009 1"><span class='ocrx_word' id='word_1_264' title='bbox 501 3153 506 3158; x_wconf 86' lang='grc'><em>·</em></span> <span class='ocrx_word' id='word_1_265' title='bbox 1442 3122 1491 3175; x_wconf 81' lang='lat'>1.</span> <span class='ocrx_word' id='word_1_266' title='bbox 1521 3122 1549 3173; x_wconf 93' lang='lat'>1</span> <span class='ocrx_word' id='word_1_267' title='bbox 1582 3123 1621 3173; x_wconf 87' lang='lat' dir='ltr'><strong>B</strong></span> <span class='ocrx_word' id='word_1_268' title='bbox 1651 3122 1699 3182; x_wconf 76' lang='lat' dir='ltr'>R</span> <span class='ocrx_word' id='word_1_269' title='bbox 1736 3119 1765 3172; x_wconf 91' lang='lat'>1</span> 
     </span>
    </p>
   </div>
   <div class='ocr_carea' id='block_1_9' title="bbox 2057 2065 2065 2781">
    <p class='ocr_par' dir='ltr' id='par_1_10' title="bbox 2057 2065 2065 2781">
     <span class='ocr_line' id='line_1_39' title="bbox 2057 2065 2065 2781; baseline 0 0"><span class='ocrx_word' id='word_1_270' title='bbox 2057 2065 2065 2781; x_wconf 95' lang='lat' dir='ltr'> </span> 
     </span>
    </p>
   </div>
   <div class='ocr_carea' id='block_1_10' title="bbox 2053 2065 2067 3386">
    <p class='ocr_par' dir='ltr' id='par_1_11' title="bbox 2053 2065 2067 3386">
     <span class='ocr_line' id='line_1_40' title="bbox 2053 2065 2067 3386; baseline 0 0"><span class='ocrx_word' id='word_1_271' title='bbox 2053 2065 2067 3386; x_wconf 95' lang='lat' dir='ltr'> </span> 
     </span>
    </p>
   </div>
  </div>
 </body>
</html>
