2084 3709
732 221 779 273 1.
810 222 840 273 1
875 219 914 269 B
946 223 988 275 E
1020 224 1069 275 lt
1112 224 1301 278 ’xm
1661 245 1786 297 357*

197 355 208 362 ,
264 307 616 374 lucraturum,
639 308 879 361 adhibitis
906 313 1096 378 amicis,
1128 313 1251 379 quid
1275 311 1557 367 faciendum
1580 315 1666 370 fibi
1688 320 1768 370 es-

265 387 363 448 set,
403 386 626 449 dixiffet3
673 391 930 457 Popillius,
980 406 1073 457 pro
1113 401 1275 441 cetera
1314 390 1577 458 asperitate
1597 398 1770 463 animi,

266 465 434 529 yirg'a,
469 481 616 531 quam
651 467 702 516 in
738 483 889 520 manu
913 468 1137 533 gerebat,
1170 468 1548 535 circumscripfit
1570 487 1770 537 regemg

262 556 342 611 ap,
379 543 637 610 Priusquam
659 544 732 594 hoc
746 544 901 594 circulo
923 545 1119 611 excedas,
1153 545 1336 611 inquit,
1368 544 1498 594 redde
1516 548 1773 614 responsum,

155 629 170 640 ’
248 621 432 685 finatui
464 622 573 687 quod
591 622 801 684 referam.
871 622 1253 690 Obstupefastus
1292 632 1395 671 tam
1419 623 1648 675 violento
1671 626 1777 675 im-

267 698 413 763 perio
450 713 715 767 pai-umpl-
737 715 893 767 quum
917 699 1184 763 halitass'et,
1217 700 1420 763 Faciam,
1455 700 1635 768 inquit,
1670 700 1780 769 quod

265 775 406 841 cenfit
425 777 621 844 finctus.
694 781 832 827 Tum
867 777 1069 827 demum
1106 776 1347 844 Popillius
1385 777 1612 842 dextram
1645 781 1772 848 regi,

267 859 507 917 tanquam
531 853 670 904 socio
690 863 838 919 atque
861 854 1043 914 amico,
1082 853 1325 919 porrexit.
1394 854 1493 902 Die
1519 854 1694 908 deinde
1717 856 1776 908 fi-

266 930 374 979 nita
397 946 552 997 quum
577 930 844 992 ezceffiss'et
868 933 1095 998 AEgypto
1113 931 1412 996 Antiochus,
1446 933 1617 997 legati,
1647 949 1774 988 ton·

266 1005 439 1056 cordia
460 1009 613 1058 etiam
647 1008 941 1060 auftoritatc
976 1007 1061 1078 sua
1095 1009 1224 1057 inter
1245 1005 1666 1074 fratresfinnata,
1700 1011 1779 1060 in-

263 1093 342 1134 ter
360 1100 486 1150 quos
504 1086 721 1137 vixdum
745 1097 1067 1147 convenerat,
1102 1101 1214 1151 pars
1237 1089 1467 1152 Cyprum
1486 1089 1734 1152 navigant
1748 1104 1768 1134 z

266 1160 475 1223 &indta
509 1177 616 1227 quae
634 1165 738 1226 jam
758 1164 948 1215 vicerat
973 1162 1148 1230 proelio
1172 1163 1437 1229 AEgyptias
1456 1179 1625 1226 naves,
1655 1162 1774 1214 clas·

270 1236 376 1287 sem
401 1242 637 1292 Antiochi
664 1241 939 1292 dimittunt.
1013 1240 1158 1291 Clara
1187 1254 1245 1288 ca
1274 1255 1365 1306 per
1399 1251 1567 1303 gentes
1584 1243 1771 1307 legatio

268 1314 386 1379 suit,
432 1318 568 1382 quod
601 1320 733 1370 haud
767 1318 914 1370 dubie
947 1318 1183 1383 adempta
1221 1317 1477 1368 Antiocho
1518 1321 1772 1386 AEgyptus

264 1392 471 1443 habenti
502 1394 626 1461 jam,
658 1396 1001 1462 redditumque
1024 1396 1242 1463 patrium
1265 1410 1474 1459 regnum
1492 1396 1624 1463 stirpi
1648 1401 1769 1448 Pto·

265 1470 425 1524 lemaei
447 1471 628 1524 fuerat.
699 1474 969 1525 Consulum
992 1473 1099 1537 ejus
1127 1473 1265 1535 anni,
1298 1472 1420 1522 ficut
1442 1474 1644 1524 alterius
1669 1475 1773 1524 cla·

266 1540 656 1626 rusconsulaffls
687 1544 862 1615 insigni
892 1550 1121 1612 viEioria,
1159 1550 1228 1598 ita
1240 1549 1446 1600 alterius
1464 1548 1673 1601 obscura
1691 1551 1769 1601 sa-

267 1640 368 1689 ma,
401 1628 517 1693 quia
541 1631 800 1693 materiam
817 1644 893 1679 res
911 1627 1113 1693 gerendi
1134 1642 1233 1676 non
1251 1627 1445 1677 habuit.
1514 1629 1626 1692 Jam
1668 1628 1773 1695 pri·

267 1709 408 1754 mum
432 1722 586 1772 quum
608 1708 889 1774 legionibus
921 1707 984 1757 ad
1018 1705 1422 1756 conveniendum
1458 1706 1589 1756 diem
1613 1707 1775 1773 dixit,·

268 1797 374 1837 non
392 1784 646 1851 auspicato
673 1785 911 1852 templum
930 1786 1157 1834 intravit.
1196 1784 1326 1833 vitio
1345 1784 1477 1833 diem
1497 1784 1675 1836 diflam
1693 1785 1766 1835 es·

269 1858 323 1907 se
360 1852 781 1929 augures‚'quum
820 1862 883 1913 ad
924 1877 1008 1911 eos
1049 1862 1259 1911 relatum
1296 1860 1378 1923 est,
1410 1861 1764 1913 decreverunt.

269 1937 521 1992 Profestus
550 1941 600 1989 in
627 1942 841 1998 Galliam
864 1941 998 1990 circa
1027 1941 1230 1988 Macros
1262 1952 1464 2002 campos
1487 1937 1549 1986 ad
1570 1949 1775 1987 montes.

269 2013 554 2065 Siciminam
585 2017 634 2067 δε
658 2018 900 2083 Papinum
924 2014 1102 2064 stativa
1119 2013 1330 2062 habuit:
1364 2011 1541 2061 deinde
1560 2014 1689 2062 circa
1710 2029 1765 2062 e·

264 2092 416 2143 adem
444 2094 552 2143 loca
581 2111 694 2145 curn
724 2094 867 2146 sociis
893 2093 1113 2145 nominis
1132 2092 1299 2141 Latini
1327 2091 1659 2142 hibernabat:
1692 2092 1765 2141 lc-

264 2173 442 2236 giones
471 2176 721 2234 Romanae,
756 2163 887 2239 quod
921 2172 1056 2221 vitio
1085 2172 1189 2221 dies
1218 2171 1460 2230 exetcitui
1492 2168 1554 2219 ad
1574 2184 1762 2219 conv-e·

264 2250 502 2302 niendum
532 2251 661 2301 dista
683 2261 803 2315 erat,
838 2253 1013 2300 Romae
1047 2247 1343 2298 manserant.
1415 2249 1479 2295 Et
1509 2255 1761 2312 [ηκτοι-ες,
1826 2243 1843 2262 ‘

266 2339 443 2395 praeter
475 2332 533 2377 C.
556 2329 807 2395 Papirium
828 2327 1128 2387 Carbonem,
1163 2325 1243 2372 cui
1270 2322 1490 2377 Sardinia
1510 2333 1761 2384 evenerat,

260 2404 318 2469 in
343 2404 628 2472 provincias
663 2404 780 2452 iere.
815 2417 930 2451 eum
962 2400 1042 2464 jus
1074 2400 1239 2449 dicere
1268 2401 1446 2447 Romae
1480 2401 1615 2462 (nam
1650 2414 1771 2450 eam,

262 2495 468 2547 quoque
490 2482 670 2531 sortem
693 2478 924 2542 habebat)
961 2479 1090 2528 inter
1112 2478 1248 2527 cives
1272 2475 1321 2525 δι
1351 2474 1640 2541 peregrinos
1663 2478 1756 2527 Pa·

263 2571 364 2611 tres
388 2560 695 2610 censuerant.

333 2640 485 2688 XIII.
521 2640 585 2687 Et
608 2634 845 2704 Popillius
878 2633 929 2685 δε
951 2648 1008 2683 ea
1034 2632 1237 2698 legatio,
1271 2646 1380 2698 quae
1395 2629 1535 2681 miffa
1568 2630 1759 2681 adAn·

265 2713 492 2764 tiochum
530 2726 649 2778 erat,
695 2718 909 2763 Romam
950 2712 1130 2772 rediit;
1176 2711 1360 2769 retulit,
1399 2707 1700 2758 controvers
1706 2720 1760 2755 aa

165 2819 182 2828 ι
268 2792 400 2840 inter
429 2807 561 2857 reges
586 2793 802 2844 sublatas
831 2790 940 2851 effe,
973 2792 1349 2853 exercitumque
1372 2778 1438 2835 ei:
1456 2786 1719 2851 AEgypto
1706 2799 1761 2835 m

269 2868 466 2935 Syriam
486 2870 757 2924 reductum.
826 2867 936 2918 Post
965 2868 1183 2935 ipsorum
1213 2878 1386 2927 regum
1419 2861 1570 2923 legati
1603 2876 1776 2918 νειμ-ἠ

268 2957 418 2998 runt:
456 2949 692 2999 Antiochi
726 2945 894 3009 legati,
929 2944 1211 3005 referentes,
1246 2940 1376 2990 Omni
1412 2938 1597 2987 victoria
1617 2934 1773 3004 potio-i.

248 3040 357 3078 nm
366 3034 522 3094 pacem
540 3028 654 3095 regi,
688 3024 963 3093 quaes'enatui
967 3021 1207 3090 placuifflt,
1240 3019 1417 3085 visam.-
1430 3013 1777 3144 eumqueschaJ}
