2084 3709
404 242 501 292 ιφ
912 228 990 279 τ.
1059 228 1122 279 L·
1139 229 1164 279 1
1191 230 1250 280 -v
1265 228 1307 279 ··1
1340 228 1369 279 1
1409 248 1422 257 ·

392 327 543 370 tenta
566 316 769 381 triginta
784 307 893 369 'duo
915 319 1007 368 sub
1026 333 1218 369 corona
1239 319 1517 369 venierunt.
1538 312 1751 366 auaorcs
1764 311 1860 363 bel·

320 440 331 450 ,
398 393 435 442 li
460 395 616 458 virgis
639 395 762 459 caefi,
786 396 836 446 8<
860 393 1017 446 securi
1044 395 1267 462 pereuffi.
1334 395 1472 446 Istria
1494 404 1598 443 tota
1619 394 1761 442 trium
1778 405 1860 456 op·

398 469 635 537 pidorum
657 471 858 522 excidio
883 472 932 521 8t
957 482 1121 522 morte
1145 473 1273 537 regis
1295 481 1467 539 pacata
1488 471 1586 521 estt
1614 466 1863 532 omnesque

398 546 619 614 undique
642 550 831 617 populi,
852 549 1102 601 obsidibus
1124 549 1267 614 datia,
1286 550 1335 599 in
1361 547 1600 602 ditionem
1620 553 1862 597 venerunt.

399 625 503 676 Sub
527 625 681 676 Istrici
707 626 859 677 finem
880 626 996 677 belli
1030 625 1165 694 apud
1186 627 1396 700 Ligures
1417 624 1628 678 concilia
1648 623 1706 684 de
1741 620 1868 671 bello

404 700 582 752 haberi
607 711 787 769 coepta.

469 780 597 830 XII.
633 780 724 829 Ti.
753 777 988 832 Claudius
1013 778 1295 847 proconsul,
1317 779 1403 845 qui
1425 787 1603 847 praetor
1619 776 1776 844 priore
1790 787 1871 824 an·

402 871 473 912 no
495 855 675 921 suerat,
709 873 825 908 cum
859 856 1082 924 prasidio
1118 857 1328 921 legionis
1361 858 1506 906 unius
1533 854 1644 906 Pisis
1666 860 1871 921 praeerat.

400 935 546 1000 cujus
568 934 726 985 literis
760 934 952 985 senatus
987 935 1173 984 certior
1193 932 1366 999 satim,
1399 947 1478 983 eas
1500 931 1624 1000 ipsas
1643 932 1796 981 literas
1815 926 1874 978 ad

406 1015 471 1064 C.
499 1010 760 1062 Claudium
788 1013 926 1075 (nam
945 1011 1072 1060 alter
1093 1009 1266 1061 consul
1294 1010 1402 1074 jam
1425 1010 1478 1059 in
1501 1001 1761 1059 Sardiniam
1783 1017 1871 1054 tra·

401 1089 608 1155 jecerat)
630 1088 915 1140 deferendas
937 1087 1131 1140 censet:
1168 1087 1416 1152 &adjicit
1436 1086 1715 1147 decretum5
1742 1081 1871 1151 quoni-

403 1180 481 1228 ayn
503 1163 636 1227 Istria
649 1165 881 1231 provincia
902 1163 1096 1230 corifi-&a
1121 1165 1237 1231 efflt,
1259 1163 1306 1229 fi
1324 1164 1365 1213 ei
1388 1162 1630 1228 videretur,
1663 1161 1873 1212 exercitum

403 1242 648 1294 traduceret
681 1243 728 1294 in
762 1245 967 1312 Ligures.
1035 1243 1189 1294 Simul
1223 1257 1291 1294 ex
1324 1242 1482 1292 literis
1515 1241 1738 1303 consulis,
1769 1250 1875 1306 quas

407 1320 469 1376 de
489 1320 636 1372 rebus
657 1321 710 1372 in
733 1323 872 1374 Istria
893 1321 1033 1387 gestis
1056 1319 1330 1388 scripserat,
1349 1319 1401 1369 in
1428 1319 1633 1371 biduum
1653 1319 1877 1387 supplica·

409 1400 486 1449 tio
520 1399 733 1451 decreta.
801 1402 867 1451 Et
899 1401 964 1450 ab
1000 1400 1159 1450 altero
1193 1398 1393 1450 consule
1422 1401 1512 1450 Ti.
1534 1398 1810 1465 Sempronio
1830 1395 1879 1446 in

411 1478 632 1532 Sardinia
655 1479 885 1547 prospere
908 1493 983 1530 res
1006 1478 1166 1543 gesta.
1169 1499 1172 1504 ·
1207 1479 1503 1530 Exercitum
1524 1480 1577 1530 in
1597 1492 1763 1543 agrum
1783 1479 1878 1525 Sar·

408 1553 590 1604 dorum
627 1555 873 1605 Iliensium
908 1555 1131 1606 induxit.
1199 1555 1492 1606 Balarorum
1512 1571 1702 1620 magna
1712 1551 1881 1603 auxilia

410 1629 665 1680 Iliensibus
698 1642 958 1682 venerant.
1030 1635 1160 1681 Cum
1182 1641 1390 1698 utraque
1414 1644 1562 1698 gente
1584 1633 1723 1698 signis
1744 1630 1876 1681 colla·

409 1706 473 1764 tis
507 1706 759 1760 conflixit.
803 1706 893 1757 susi
926 1705 1187 1773 fugatique
1219 1701 1411 1774 hostes,
1433 1701 1690 1776 castrisque
1721 1708 1877 1758 exuti:

408 1782 673 1837 duodecim
705 1783 860 1834 miliia
893 1796 1204 1835 armatorum
1227 1783 1367 1836 caesa.
1438 1787 1638 1839 Postero
1658 1786 1735 1837 die
1754 1797 1879 1834 arma

410 1860 534 1912 lesia
568 1859 750 1926 conjici
788 1863 840 1913 in
873 1877 1112 1914 acervum
1143 1861 1278 1927 jussit
1312 1862 1504 1931 consul,
1540 1866 1816 1931 sacrumque
1835 1857 1882 1912 id

411 1941 642 1992 Vulcano
672 1944 933 1996 cremavit.
1003 1942 1260 1993 vitiorem
1294 1946 1574 1996 exereitum
1610 1948 1660 1995 in
1694 1943 1883 1995 hiberna

409 2021 657 2071 sociarum
678 2022 877 2072 urbium
901 2021 1121 2072 reduxit.
1188 2023 1255 2070 Et
1279 2024 1337 2070 C.
1359 2021 1614 2085 ClaudiuS,
1635 2024 1779 2074 literis
1802 2019 1882 2072 Ti.

414 2098 610 2148 Claudii
645 2099 695 2150 ἃ
729 2098 1149 2151 senatusconsulto
1177 2108 1400 2166 accepto,
1434 2114 1503 2151 ex
1528 2102 1666 2153 Istria
1685 2102 1900 2166 legiones,

330 2189 335 2194 ·
410 2176 463 2226 in
488 2176 694 2237 Ligures
718 2175 1017 2230 transduxit.
1055 2176 1134 2226 Ad
1156 2176 1467 2228 Scultennam
1485 2182 1739 2232 flumenin
1762 2193 1883 2229 cam·

409 2265 502 2317 pos
539 2251 773 2315 progreffi
805 2252 956 2303 castra
993 2253 1242 2305 habebant
1265 2254 1439 2306 hostes.
1510 2260 1591 2310 Ibi
1616 2275 1728 2310 cum
1747 2257 1815 2307 his
1831 2270 1883 2304 a-

409 2329 487 2380 cie
521 2327 828 2382 dimicatum.
876 2332 1160 2398 quindecim
1197 2333 1352 2383 millia
1390 2335 1541 2399 caesa;
1577 2339 1683 2405 plus
1721 2336 1882 2403 septin-

410 2405 548 2469 genti
563 2416 657 2454 aut
683 2407 732 2455 in
757 2409 952 2474 proelio,
976 2421 1062 2459 aut
1083 2412 1137 2461 in
1161 2410 1323 2460 castris
1348 2413 1480 2475 (nam
1505 2429 1564 2463 ca
1586 2429 1779 2480 quoque
1800 2424 1880 2460 ex·

409 2492 628 2548 pugnata
651 2481 784 2548 sunt)
806 2490 968 2555 capti:
1005 2489 1057 2544 &
1081 2488 1211 2553 signa
1235 2488 1466 2539 militaria
1496 2506 1654 2544 unum
1679 2493 1728 2542 ἃ
1750 2490 1882 2556 quin*

406 2560 649 2626 quaginta
682 2573 846 2629 capta.
916 2567 1141 2631 Ligures,
1177 2567 1394 2632 reliquia
1427 2568 1589 2632 cadis,
1622 2571 1674 2620 in
1703 2578 1882 2622 montes

406 2636 696 2701 refugemnt
716 2641 881 2706 passim
905 2660 916 2690 :
938 2644 1295 2710 populantique
1312 2646 1603 2711 campestres
1620 2661 1761 2712 agros
1775 2658 1884 2695 con·

406 2715 500 2765 suli
524 2717 657 2767 nulia
681 2716 884 2784 usquam
907 2735 1244 2788 apparuerunt
1267 2740 1421 2774 arma.
1494 2725 1743 2788 Claudius,
1776 2723 1886 2774 dua·

408 2806 520 2842 rum
545 2795 768 2857 gentium
805 2811 908 2848 uno
943 2812 1076 2850 anno
1104 2800 1280 2864 vietor,
1314 2802 1521 2864 duabus-3
1554 2803 1688 2866 quod
1710 2805 1817 2852 raro
1836 2815 1884 2848 a·

407 2870 520 2931 line,
543 2872 595 2922 in
620 2872 877 2926 consulatu
901 2877 1089 2942 pacatis
1110 2882 1406 2946 provinciis,
1439 2884 1655 2932 Romam
1674 2879 1887 2931 revertit.

477 2949 628 2998 XIII.
666 2950 899 3016 Prodigia
931 2969 992 3004 eo
1025 2969 1161 3006 anno
1195 2959 1445 3010 nunciata.
1488 2960 1540 3010 in
1583 2959 1885 3010 Crustumino

404 3038 560 3080 avem
595 3025 874 3098 sangualem
908 3030 1081 3101 (quam
1116 3039 1323 3106 vocant)
1357 3034 1549 3092 sacrum
1577 3036 1887 3154 lapidemur&-
