2084 3709
1228 47 1255 64 ⁴
1274 55 1277 58 ,

297 171 406 226 170
817 157 892 208 Τ.
958 156 1214 220 15„1·v·1
1251 158 1279 208 1
1298 172 1313 188 .

296 251 455 320 portis
479 247 668 317 erupit:
734 250 854 300 Non
879 248 1152 299 sustinuere
1176 251 1420 317 impetum
1441 250 1802 317 necopinatum

296 332 488 383 hostes.⁸
520 330 606 396 qui
643 325 706 378 ad
742 327 896 378 castra
933 328 1289 396 oppugnanda·
1314 340 1571 393 venerant,
1606 346 1670 379 ne
1712 329 1805 380 sua

297 407 500 476 quidem
539 407 667 458 tueri
710 416 997 474 potuerunt.
1034 421 1151 456 nam
1186 407 1439 473 extemplo
1474 407 1578 470 fufi,
1611 406 1803 471 fugati,

297 501 427 545 mox
461 486 591 535 intra
627 483 813 534 vallum
838 493 1081 550 paventes
1116 483 1372 549 compulfi,
1406 484 1646 551 postremo
1666 497 1802 532 exu-

300 575 455 615 untur
478 562 659 613 castris.
693 561 772 613 Eo
796 559 878 609 die
902 574 1091 612 novem
1113 561 1269 609 mima
1295 560 1506 610 hostium
1530 560 1678 612 caesa:
1715 577 1807 611 ca-

300 643 378 716 pti
402 643 514 693 vivi
533 640 740 691 trecenti
755 638 963 703 viginti,
975 639 1114 704 equi
1138 650 1337 689 centum
1361 639 1645 704 duodecim,
1666 640 1810 706 figna

300 721 537 775 militaria
569 720 777 784 triginta
809 716 1017 785 septem.
1051 715 1114 766 de
1153 719 1380 772 exercitu
1415 721 1651 771 Romano
1684 735 1810 782 een·

302 814 413 854 tum
437 814 625 849 novem
649 795 957 847 ceciderunt.

342 877 569 929 XLIX.
606 875 689 925 Ab
712 876 810 925 hoc
840 872 1014 941 proelio
1041 874 1299 934 Gracchus
1321 872 1468 924 duxit
1488 872 1552 924 ad
1576 872 1808 942 depopu-

301 955 506 1008 landum
548 951 865 1002 Celtiberiam
899 950 1141 1013 legiones.
1176 952 1245 1013 ὃς,
1280 966 1434 1017 quum
1458 950 1609 1001 ferret
1634 951 1801 1018 paffim

304 1032 480 1084 ωηᾶει
502 1041 650 1095 atque
674 1039 866 1093 ageret
883 1028 1159 1096 populique
1172 1029 1266 1078 alii
1292 1030 1570 1093 voluntate,
1590 1030 1673 1080 alii
1695 1043 1802 1079 me-

302 1122 361 1162 tu
382 1111 559 1174 jugum
561 1099 881 1175 acciperent,
916 1116 1118 1155 centum
1141 1108 1236 1155 tria
1256 1105 1441 1173 oppida
1466 1108 1595 1157 intra
1619 1121 1809 1176 paucos

302 1191 409 1239 dies
435 1190 486 1236 in
508 1184 814 1236 deditionem
837 1186 1063 1251 accepit:
1100 1184 1277 1250 praeda
1264 1184 1475 1250 potitus
1501 1185 1691 1249 ingenti
1716 1184 1808 1233 est.

305 1264 579 1320 Convertit
601 1262 716 1313 inde
736 1277 917 1328 agmen
941 1272 1093 1323 retro,
1129 1258 1258 1312 unde
1288 1273 1510 1321 venerat,
1542 1259 1605 1309 ad
1629 1261 1813 1326 Alcen,

306 1356 457 1411 atque
491 1357 599 1392 mm
632 1340 807 1392 urbem
839 1342 1132 1407 oppugnare
1167 1338 1358 1388 institit.
1428 1337 1681 1405 Oppidani
1706 1341 1814 1405 pri-

309 1436 450 1473 mum
489 1420 731 1486 impetum
773 1417 987 1466 hostium
1026 1414 1353 1464 sustinuerunt
1372 1432 1388 1463 z
1423 1412 1618 1475 deinde,
1650 1430 1812 1480 quum

304 1503 413 1566 jam
433 1513 539 1549 non
559 1499 706 1547 armis
725 1494 894 1558 mod'o,
926 1493 1010 1546 sed
1034 1496 1185 1545 etiam
1203 1497 1439 1563 operibus
1463 1509 1809 1562 oppugnaren-

309 1573 408 1641 tur,
443 1575 581 1638 diffisi
604 1572 824 1642 praelidio
848 1572 997 1636 urbia,
1032 1574 1087 1623 in
1114 1589 1285 1625 arcem
1310 1573 1529 1624 universi
1559 1575 1811 1624 concessb-

311 1665 445 1709 runt.
459 1651 727 1720 *postremo
749 1650 801 1701 δε
824 1650 956 1714 inde,
982 1650 1230 1714 praemiffis
1251 1651 1551 1715 oratoribuS‚
1587 1652 1637 1701 in
1655 1651 1813 1701 ditio·

311 1749 428 1788 nem
453 1732 502 1782 se
538 1731 719 1797 suaque
753 1730 925 1794 omnia
944 1731 1186 1790 Romanis
1208 1730 1551 1798 permiserunt.
1620 1733 1814 1794 Magna

311 1814 427 1865 inde
452 1810 612 1880 praeda
633 1808 759 1861 fabia
787 1808 872 1858 est.
912 1808 1060 1858 multi
1084 1809 1276 1875 captivi
1300 1809 1491 1859 nobiles
1514 1810 1564 1859 in
1590 1809 1813 1875 potesta-

312 1908 411 1945 tem
444 1900 718 1951 venet-unu
752 1889 882 1937 inter
917 1902 1043 1954 quos
1072 1888 1122 1938 δε
1145 1886 1341 1937 Thurri
1368 1886 1457 1936 filii
1483 1887 1584 1936 duo
1609 1886 1658 1935 ἃ
1685 1886 1811 1936 filia.

314 1970 536 2035 Regulus
566 1970 647 2018 hic
682 1981 855 2016 earum
879 1966 1105 2029 gentium
1129 1975 1250 2027 crat,
1285 1965 1433 2030 longe·
1457 1962 1818 2030 potentissimus

313 2050 542 2098 omnium
577 2043 934 2111 Hispanorum.
1004 2040 1191 2092 Audita
1227 2041 1427 2093 suorum
1461 2041 1613 2101 clade,
1646 2040 1815 2105 missis,

316 2125 403 2189 qui
440 2119 600 2178 fidem,
626 2118 848 2167 venienti
883 2117 937 2165 in
975 2117 1128 2166 castra
1162 2115 1227 2167 ad
1262 2117 1549 2167 Gracchum
1572 2126 1815 2182 peterent,

315 2200 477 2250 venit.
513 2197 568 2247 δε
597 2196 816 2263 primum
839 2192 1066 2259 quesivit
1088 2194 1153 2244 ab
1189 2209 1269 2255 eo,
1303 2211 1355 2246 ne
1366 2194 1451 2260 fibi
1480 2195 1624 2244 liceret
1653 2208 1703 2242 ac
1714 2194 1816 2258 suis

315 2272 523 2325 vivere?
558 2285 713 2338 quum
738 2280 920 2336 praetor
951 2267 1172 2318 viflurum
1204 2268 1555 2336 respondisset3
1590 2267 1819 2335 quaefivit

316 2355 513 2412 iterum,
522 2347 564 2414 fi
584 2363 680 2397 cum
702 2347 909 2397 Romanis
931 2345 1124 2395 militare
1144 2346 1337 2395 liceret?
1356 2346 1407 2396 id
1432 2361 1632 2412 quoque
1654 2347 1817 2394 Grac·

313 2432 415 2488 cho
440 2426 775 2495 permittente,
798 2426 975 2491 sequar,
1010 2424 1192 2489 in'quit,
1225 2426 1307 2473 voi
1328 2425 1537 2488 adver-fias
1558 2425 1820 2489 vert-resso-

315 2510 402 2558 'tios
434 2518 563 2566 meac,
598 2504 795 2569 quoniam
828 2503 920 2552 illos
948 2501 1008 2550 ad
1040 2518 1111 2550 me
1141 2502 1348 2567 propiunt
1361 2502 1598 2567 suspicere.
1669 2505 1821 2550 Secu-

318 2598 400 2638 tus
432 2584 498 2634 est
532 2581 646 2633 inde
678 2582 950 2643 Romanos,
984 2578 1204 2644 fortique
1224 2583 1283 2629 ‘ac
1319 2577 1453 2630 fideli
1476 2580 1626 2647 opera
1649 2579 1825 2631 multis

319 2663 444 2714 locis
466 2674 570 2711 rem
593 2661 874 2708 Romanam
898 2654 1116 2718 adjuvit.

364 2743 456 2790 L.
489 2730 724 2802 Ergavia
733 2732 866 2797 inde,
900 2733 1085 2783 nobilis
1107 2732 1159 2783 ἃ
1168 2741 1354 2799 potens
1378 2734 1574 2795 civitas,
1607 2733 1827 2790 aliorum

317 2819 456 2870 eirca
468 2815 769 2883 populorum
787 2809 1009 2861 cladibus
1025 2812 1215 2873 territa,
1240 2823 1406 2886 portas
1420 2812 1609 2879 a'peruit
1634 2815 1829 2863 Roma-

323 2900 417 2949 nis.
435 2898 560 2944 Eam
582 2889 889 2943 deditionem
903 2889 1210 2957 oppidorum
1227 2879 1356 2940 haud
1380 2905 1494 2941 cum
1508 2889 1605 2939 fide
1625 2889 1828 2954 fastam,

314 2974 527 3056 quidam
548 2969 769 3024 austeres
798 2966 930 3022 sunt.
961 2971 990 3018 ὲ
1012 2983 1112 3037 qua
1134 2968 1340 3034 regione
1360 2961 1640 3022 abduxiss‘et
1662 2968 1827 3084 legig-

1803 3069 1823 3099 ⁸
